<record><leader>00000cas a22000007a 4500</leader><controlfield tag="001">21583440</controlfield><controlfield tag="008">900524d19091944nhuwr ne      0    0eng d</controlfield><datafield ind1=" " ind2=" " tag="010"><subfield code="a">sn 90062266 </subfield></datafield><datafield ind1=" " ind2=" " tag="040"><subfield code="a">NVH</subfield><subfield code="b">eng</subfield><subfield code="c">NVH</subfield><subfield code="d">MBN</subfield><subfield code="d">OCLCQ</subfield><subfield code="d">OCLCF</subfield><subfield code="d">OCLCO</subfield></datafield><datafield ind1=" " ind2=" " tag="042"><subfield code="a">msc</subfield></datafield><datafield ind1=" " ind2=" " tag="043"><subfield code="a">n-us-nh</subfield></datafield><datafield ind1="0" ind2=" " tag="130"><subfield code="a">Reporter (North Conway, N.H. : 1909)</subfield></datafield><datafield ind1="1" ind2="4" tag="245"><subfield code="a">The Reporter.</subfield></datafield><datafield ind1=" " ind2=" " tag="260"><subfield code="a">North Conway, N.H. :</subfield><subfield code="b">B.C. Snyder</subfield></datafield><datafield ind1=" " ind2=" " tag="300"><subfield code="a">v.</subfield></datafield><datafield ind1=" " ind2=" " tag="310"><subfield code="a">Weekly</subfield></datafield><datafield ind1="0" ind2=" " tag="362"><subfield code="a">Vol. l, no. 1 (June 10, 1909)-v. 36, no. 1 (Mar. 9, 1944).</subfield></datafield><datafield ind1=" " ind2=" " tag="580"><subfield code="a">Merged with: Sandwich reporter, and: Fryeburg reporter, to form: Reporter including the Fryeburg reporter and the Sandwich reporter.</subfield></datafield><datafield ind1=" " ind2="0" tag="651"><subfield code="a">North Conway (N.H.)</subfield><subfield code="v">Newspapers.</subfield></datafield><datafield ind1=" " ind2="7" tag="655"><subfield code="a">Newspapers.</subfield><subfield code="2">fast</subfield><subfield code="0">(OCoLC)fst01423814</subfield></datafield><datafield ind1=" " ind2="7" tag="651"><subfield code="a">New Hampshire</subfield><subfield code="z">North Conway.</subfield><subfield code="2">fast</subfield><subfield code="0">(OCoLC)fst01206775</subfield></datafield><datafield ind1=" " ind2=" " tag="752"><subfield code="a">United States</subfield><subfield code="b">New Hampshire</subfield><subfield code="c">Carroll</subfield><subfield code="d">North Conway.</subfield></datafield><datafield ind1="0" ind2="0" tag="780"><subfield code="t">White Mountain reporter</subfield><subfield code="w">(DLC)sn 90062268</subfield></datafield><datafield ind1="1" ind2="7" tag="785"><subfield code="t">Sandwich reporter</subfield><subfield code="w">(DLC)sn 90062267</subfield></datafield><datafield ind1="1" ind2="7" tag="785"><subfield code="t">Fryeburg reporter</subfield><subfield code="w">(DLC)sn 99066520</subfield></datafield><datafield ind1="1" ind2="7" tag="785"><subfield code="t">Reporter including the Fryeburg reporter and the Sandwich reporter</subfield><subfield code="w">(DLC)sn 91063268</subfield></datafield></record>